@misc{aragon2018straightforward, title={A straightforward multimodal approach for author profiling}, url={http://ceur-ws.org/Vol-2125/paper\_96}, journal={ CLEF 2018 Working Notes}, author={Aragón, Mario Ezra and López-Monroy, A Pastor}} 

@article{cheng_chandramouli_subbalakshmi_2011, title={Author gender identification from text}, volume={8}, DOI={10.1016/j.diin.2011.04.002}, number={1}, journal={Digital Investigation}, author={Cheng, Na and Chandramouli, R. and Subbalakshmi, K.p.}, year={2011}, pages={78–88}}

@article{miller_dickinson_hu_2012, title={Gender Prediction on Twitter Using Stream Algorithms with N-Gram Character Features}, volume={02}, DOI={10.4236/ijis.2012.224019}, number={04}, journal={International Journal of Intelligence Science}, author={Miller, Zachary and Dickinson, Brian and Hu, Wei}, year={2012}, pages={143–148}} 

@article{alvarez-carmona_lopez-monroy_montes-y-gomez_villasenior-pineda_meza_2016, title={Evaluating Topic-Based Representations for Author Profiling in Social Media}, journal={Lecture Notes in Computer Science Advances in Artificial Intelligence - IBERAMIA 2016}, author={Álvarez-Carmona, Miguel A. and López-Monroy, A. Pastor and Montes-Y-Gómez, Manuel and Villaseñor-Pineda, Luis and Meza, Ivan}, year={2016}, pages={151–162}} 
   
% @misc{pan, title={PAN}, url={https://pan.webis.de/}, journal={PAN}} 

@misc{rangel_rosso_montes-y-gomez_potthast_stein, title={Overview of the 6th Author Profiling Task at PAN 2018: Multimodal Gender Identification in Twitter}, url={http://ceur-ws.org/Vol-2125/}, journal={ CLEF 2018 Working Notes}, author={Rangel, Francisco and Rosso, Paolo and Montes-y-Gómez, Manuel and Potthast, Martin and Stein, Benno}} 
 @article{takahashi_tahara_nagatan_miura_taniguchi_ohkuma, title={Text and Image Synergy with Feature Cross Technique for Gender Identification}, url={http://ceur-ws.org/Vol-2125/paper\_83.pdf}, journal={CLEF 2018 Working Notes}, author={Takahashi, Takumi and Tahara, Takuji and Nagatan,, Koki and Miura, Yasuhide and Taniguchi, Tomoki and Ohkuma, Tomoko}} 
 
  @article{sierra_gonzales, title={Combining textual and visual representations formultimodal author profiling}, url={http://ceur-ws.org/Vol-2125/paper\_219.pdf}, journal={CLEF 2018 Working Notes}, author={Sierra, Sebastian and Gonzáles, Fabio}} 
  
 @misc{zisserman_simonyan_2015, title={Very Deep Convolutional Networks for Large-Scale Image Recognition}, url={https://arxiv.org/abs/1409.1556}, journal={arXiv.org}, author={Zisserman, Andrew and Simonyan, Karen}, year={2015}, month={Apr}} 
 
 @article{gomez2016improving,
  title={Improving feature representation based on a neural network for author profiling in social media texts},
  author={G{\'o}mez-Adorno, Helena and Markov, Ilia and Sidorov, Grigori and Posadas-Dur{\'a}n, Juan-Pablo and Sanchez-Perez, Miguel A and Chanona-Hernandez, Liliana},
  journal={Computational intelligence and neuroscience},
  volume={2016},
  pages={2},
  year={2016},
  publisher={Hindawi Publishing Corp.}
}

 @article{rangel2013use,
  title={Use of language and author profiling: Identification of gender and age},
  author={Rangel, Francisco and Rosso, Paolo},
  journal={Natural Language Processing and Cognitive Science},
  volume={177},
  year={2013}
}
@article{FATIMA2017886,
title = "Multilingual author profiling on Facebook",
journal = "Information Processing \& Management",
volume = "53",
number = "4",
pages = "886 - 904",
year = "2017",
issn = "0306-4573",
doi = "https://doi.org/10.1016/j.ipm.2017.03.005",
url = "http://www.sciencedirect.com/science/article/pii/S0306457316302424",
author = "Mehwish Fatima and Komal Hasan and Saba Anwar and Rao Muhammad Adeel Nawab",
}

@article{you2016picture,
  title={A picture tells a thousand words—About you! User interest profiling from user generated visual content},
  author={You, Quanzeng and Bhatia, Sumit and Luo, Jiebo},
  journal={Signal Processing},
  volume={124},
  pages={45--53},
  year={2016},
  publisher={Elsevier}
}


@inproceedings{ciot2013gender,
  title={Gender inference of Twitter users in non-English contexts},
  author={Ciot, Morgane and Sonderegger, Morgan and Ruths, Derek},
  booktitle={Proceedings of the 2013 Conference on Empirical Methods in Natural Language Processing},
  pages={1136--1145},
  year={2013}
}

@inproceedings{merler2015you,
  title={You are what you tweet… pic! gender prediction based on semantic analysis of social media images},
  author={Merler, Michele and Cao, Liangliang and Smith, John R},
  booktitle={2015 IEEE International Conference on Multimedia and Expo (ICME)},
  pages={1--6},
  year={2015},
  organization={IEEE}
}

 
 @INPROCEEDINGS{7780459,
author={K. {He} and X. {Zhang} and S. {Ren} and J. {Sun}},
booktitle={2016 IEEE Conference on Computer Vision and Pattern Recognition (CVPR)},
title={Deep Residual Learning for Image Recognition},
year={2016},
volume={},
number={},
pages={770-778},
keywords={image classification;learning (artificial intelligence);neural nets;object detection;COCO segmentation;ImageNet localization;ILSVRC & COCO 2015 competitions;deep residual nets;COCO object detection dataset;visual recognition tasks;CIFAR-10;ILSVRC 2015 classification task;ImageNet test set;VGG nets;residual nets;ImageNet dataset;residual function learning;deeper neural network training;image recognition;deep residual learning;Training;Degradation;Complexity theory;Image recognition;Neural networks;Visualization;Image segmentation},
doi={10.1109/CVPR.2016.90},
ISSN={1063-6919},
month={June},}
